<record><leader>00000cas a2200000 a 4500</leader><controlfield tag="001">31682125</controlfield><controlfield tag="008">941212d19101910azuwr ne      0    0eng d</controlfield><datafield ind1=" " ind2=" " tag="010"><subfield code="a">sn 94050562 </subfield></datafield><datafield ind1=" " ind2=" " tag="040"><subfield code="a">ANN</subfield><subfield code="b">eng</subfield><subfield code="c">ANN</subfield><subfield code="d">DLC</subfield><subfield code="d">OCLCF</subfield><subfield code="d">OCLCO</subfield></datafield><datafield ind1="1" ind2=" " tag="029"><subfield code="a">AU@</subfield><subfield code="b">000011427403</subfield></datafield><datafield ind1=" " ind2=" " tag="042"><subfield code="a">msc</subfield></datafield><datafield ind1=" " ind2=" " tag="043"><subfield code="a">n-us-az</subfield></datafield><datafield ind1="0" ind2="0" tag="245"><subfield code="a">Coconino County democrat and the Flagstaff gem.</subfield></datafield><datafield ind1="0" ind2="7" tag="246"><subfield code="a">Coconino County democrat</subfield></datafield><datafield ind1=" " ind2=" " tag="260"><subfield code="a">Flagstaff, Coconino County, Ariz. :</subfield><subfield code="b">A.P. Buttersworth,</subfield><subfield code="c">1910.</subfield></datafield><datafield ind1=" " ind2=" " tag="300"><subfield code="a">v. :</subfield><subfield code="b">ill.</subfield></datafield><datafield ind1=" " ind2=" " tag="310"><subfield code="a">Weekly</subfield></datafield><datafield ind1="0" ind2=" " tag="362"><subfield code="a">Vol. 22, no. 16 (Feb. 3, 1910)-</subfield></datafield><datafield ind1="1" ind2=" " tag="362"><subfield code="a">Ceased in 1910.</subfield></datafield><datafield ind1=" " ind2="0" tag="651"><subfield code="a">Flagstaff (Ariz.)</subfield><subfield code="v">Newspapers.</subfield></datafield><datafield ind1=" " ind2="0" tag="651"><subfield code="a">Coconino County (Ariz.)</subfield><subfield code="v">Newspapers.</subfield></datafield><datafield ind1=" " ind2="7" tag="655"><subfield code="a">Newspapers.</subfield><subfield code="2">fast</subfield><subfield code="0">(OCoLC)fst01423814</subfield></datafield><datafield ind1=" " ind2="7" tag="651"><subfield code="a">Arizona</subfield><subfield code="z">Coconino County.</subfield><subfield code="2">fast</subfield><subfield code="0">(OCoLC)fst01217112</subfield></datafield><datafield ind1=" " ind2="7" tag="651"><subfield code="a">Arizona</subfield><subfield code="z">Flagstaff.</subfield><subfield code="2">fast</subfield><subfield code="0">(OCoLC)fst01205910</subfield></datafield><datafield ind1=" " ind2=" " tag="752"><subfield code="a">United States</subfield><subfield code="b">Arizona</subfield><subfield code="c">Coconino</subfield><subfield code="d">Flagstaff.</subfield></datafield><datafield ind1="0" ind2="0" tag="780"><subfield code="t">Flagstaff gem (Flagstaff, Ariz, : 1900)</subfield><subfield code="w">(DLC)sn 94050561</subfield></datafield><datafield ind1="0" ind2="4" tag="785"><subfield code="t">Coconino sun (Flagstaff, Ariz. : 1898)</subfield><subfield code="x">2158-2637</subfield><subfield code="w">(DLC)sn 87062055</subfield><subfield code="w">(OCoLC)15161407</subfield></datafield></record>